% How to cite webpage: https://tex.stackexchange.com/questions/3587/how-can-i-use-bibtex-to-cite-a-web-page
@misc{2022sensorreading,
  title = {TLC Trip record data},
  author = {{New York City Taxi and Limousine Commission}},
  howpublished = {\url{https://www1.nyc.gov/site/tlc/about/tlc-trip-record-data.page}},
  note = {Accessed: 2023-08-08}
}

@misc{2022sensorlocation,
  title = {Climate Data Online},
  author = {{National Oceanic and Atmospheric Administration}},
  howpublished = {\url{https://www.ncdc.noaa.gov/cdo web/datasets/GHCND/stations/GHCND:USW00094728/detail}},
  note = {Accessed: 2022-08-10}
}

@article{Lepage:2022,
    author = {Simon Lepage and Catherine Morency},
    title = {{Impact of Weather, Activities, and Service Disruptions on Transportation Demand}},
    journal = {Transportation Research Record},
    year = {2021}
}


% You should lookup the entries defined in bibtex to properly format your .bib file